
@article{taylor_equivalent,
	title = {Equivalent deﬁnitions of the tangent space},
	abstract = {We prove the equivalence of several common deﬁnitions of the tangent space to a smooth manifold, and then show that this equivalence is “natural” in the sense that the diﬀerentials are related via factorization through the corresponding isomorphism between any two tangent spaces.},
	language = {en},
	url="https://art-math.github.io/files/tangentspace.pdf",
	author = {Taylor, Alex}
}

@article{gale_classification_takehome,
	title = {The Classification of 1-Manifolds: A Take-Home Exam},
	author = {Gale, David},
	url="https://www.math.uni-bonn.de/~lcote/1_man_classification.pdf"
}

@book{smooth_manifolds,
author="Lee, John M.",
title="Smooth Manifolds",
bookTitle="Introduction to Smooth Manifolds",
year="2012",
publisher="Springer New York",
address="New York, NY",
isbn="978-1-4419-9982-5",
doi="10.1007/978-1-4419-9982-5",
url="https://doi.org/10.1007/978-1-4419-9982-5"
}

@book{differential_geometry,
author="Marco Zambon and Gilles Castel",
title="Differential Geometry",
bookTitle="Differential Geometry",
year="2020",
url="https://castel.dev/notes"
},
@book{other_notes_of_F4D1,
author="Wern Juin Gabriel Ong",
title="Notes for F4D1: Analysis and Geometry on Manifolds ",
bookTitle="Notes for F4D1: Analysis and Geometry on Manifolds ",
year="2024",
url="https://wgabrielong.github.io/notes/"
}